Tout ce qui n'est pas dans la référence est un commentaire.
Ci-dessous: example d'une références de "type" article avec les champs OBLIGATOIRS à remplir. Il y a des champs optionels comme: volume, number, pages, month, note.
Ce document doit être sauvé dans le même directoire que le document et le document doit inclure à sa fin (mais quand même avant le \end{document}):

\bibliographystyle{plain}
\bibliography{nomdufichierderéférence}

@article{example,
    author    = "",
    title     = "",
    journal   = "",
    year      = "XXXX",
}

@misc{WikiServo,
      author = "From Wikipedia the free encyclopedia",
      title = "Servo control",
      month = "Octobre",
      year = "2012",
      note= "\url{http://en.wikipedia.org/wiki/Servo_control}",
}

@misc{RobotRoom,
      author = "Robot Room",
      title = "H-Bridge Motor Driver Using Bipolar Transistors",
      year = "??",
      note = "\url{http://www.robotroom.com/BipolarHBridge.html}",
}

@misc{RaspberryPiCaracteristiques,
	author = "From Wikipedia the free encyclopedia",
	title = "Raspberry Pi",
	year = "??",
	note = "\url{http://en.wikipedia.org/wiki/Raspberry_Pi}"
}

@misc{Arduino,
	author = "Arduino Team",
	title = "Arduino Spec.",
	year = "??",
	note = "\url{http://arduino.cc/en/Main/ArduinoBoardUno}"
}

@misc{l293dDataSheet,
	author = "Texas Instrument",
	title = "L293, L293D QUADRUPLE HALF-H DRIVERS",
	year = "2002",
month = "Juin",
	note = "\url{http://idmax.free.fr/Aide/Stepper/l293.pdf}"
}

@misc{ServoSweep,
	author = "Barragan Studio",
	title = "Servo Sweep",
	year = "2010",
month = "Septembre",
	note= "\url{http://arduino.cc/en/Tutorial/Sweep}"
}

@misc{rx2_ex1,
	author="Atef Akremi",
	title="Fastest way to Hack RC Car H-Bridge",
	year="2012",
	month="juin",
	note= "\url{http://www.instructables.com/files/deriv/F46/2LOX/H3XME4X0/F462LOXH3XME4X0.LARGE.jpg}"
}

@misc{rx2_ex2,
	author="Jon from jbproject",
	title="Wifi Robot",
	year="2008",
	month="août",
	note= "\url{http://www.jbprojects.net/projects/wifirobot/rx2.jpg}"
}

@misc{rx2_ex3,
	author="Talking Electronics",
	title="Transmitters",
	year="2011",
	month="Juillet",
	note= "\url{http://www.talkingelectronics.com/projects/27MHz\%20Transmitters/imagesP2/4ChRx2B.jpg}"
}

@misc{openSource,
	author = "From The Open Source Initiative",
	title = "Open Source Definition",
	year = "??",
	note= "\url{http://opensource.org/osd}"
}

@misc{OpenSourceCit,
	author = "Metycea blog",
	title = "Définition : Qu’est-ce que l’Open Source ? (1/4)",
	year = "2008",
	month = "Septembre",
	note = "\url{http://blog.metycea.com/actus-internet/definition-qu-est-ce-que-l-open-source-1-4.html}"
}

@misc{adafruitMotorShield,	
	author="Ladyada",
	title ="Adafuit Motor Shield, Power Usage",
	year="2012",
	month="août",
	note ="\url{http://learn.adafruit.com/adafruit-motor-shield/power-requirements}"
}

@misc{7805T,
	author="Futurlec",
	title="Technical Information - National Semiconductor 7805T Datasheet",
	year="2004",
	month="Novembre",
	note ="\url{www.futurlec.com/Linear/7805T.shtml} (voir partie TO-220) "
}

@misc{HC-SR04,
	author="Cytron Technologies Sdn. Bhd.",
	title="User's Manual",
	year="2013",
	month="Mai"
	note ="\url{https://docs.google.com/document/d/1Y-yZnNhMYy7rwhAgyL_pfa39RsB-x2qR4vP8saG73rE/edit}"
}
	
@misc{beewi,
	author="BeeWi Simply wireless",
	title="BWZ200 - Buggy Wifi avec Camera",
	year="2013",
	note ="\url{http://www.bee-wi.com/buggy-wifi-avec-camera-bwz200-a1-beewi,fr,4,BWZ200-A1.cfm}",
}

@misc{microcontroleur,
	author = "From Wikipedia the free encyclopedia",
	title = "Microcontrôleur",
	year = "??",
	note = "\url{http://fr.wikipedia.org/wiki/Microcontr\%C3\%B4leur}"
}

@misc{EventProgramming,
	author = "From Wikipedia the free encyclopedia",
	title = "Event-driven programming",
	year = "2013",
        month = "Octobre",
	note = "\url{http://en.wikipedia.org/wiki/Event-driven_programming}"
}

@misc{uvc,
	author = "??",
	title = "Linux UVC driver and tools",
	year = "??",
	note = "\url{http://www.ideasonboard.org/uvc/#documentation}"
}


